<record><leader>00000cas a2200000 a 4500</leader><controlfield tag="001">36710855</controlfield><controlfield tag="008">970409d1909192uoruwr ne      0    0eng c</controlfield><datafield ind1=" " ind2=" " tag="010"><subfield code="a">sn 96088341 </subfield></datafield><datafield ind1=" " ind2=" " tag="040"><subfield code="a">OCN</subfield><subfield code="b">eng</subfield><subfield code="c">OCN</subfield><subfield code="d">OCLCQ</subfield><subfield code="d">ORU</subfield><subfield code="d">OCLCQ</subfield><subfield code="d">OCLCF</subfield><subfield code="d">OCLCO</subfield></datafield><datafield ind1=" " ind2=" " tag="019"><subfield code="a">55655592</subfield></datafield><datafield ind1=" " ind2=" " tag="042"><subfield code="a">pcc</subfield></datafield><datafield ind1=" " ind2=" " tag="043"><subfield code="a">n-us-or</subfield></datafield><datafield ind1=" " ind2=" " tag="090"><subfield code="a">AN2</subfield><subfield code="b">.W345</subfield></datafield><datafield ind1="0" ind2="4" tag="245"><subfield code="a">The Weekly gazette-times.</subfield></datafield><datafield ind1=" " ind2=" " tag="260"><subfield code="a">Corvallis, Benton County, Or. :</subfield><subfield code="b">N.R. Moore,</subfield><subfield code="c">1909-</subfield></datafield><datafield ind1=" " ind2=" " tag="300"><subfield code="a">v.</subfield></datafield><datafield ind1=" " ind2=" " tag="310"><subfield code="a">Weekly</subfield></datafield><datafield ind1="0" ind2=" " tag="362"><subfield code="a">Vol. 47, no. 49 (July 16, 1909)-</subfield></datafield><datafield ind1=" " ind2=" " tag="530"><subfield code="a">Also issued on microfilm from University of Oregon.</subfield></datafield><datafield ind1=" " ind2=" " tag="580"><subfield code="a">Daily eds.: Daily gazette-times, 1909-1921, and: Corvallis gazette-times, &lt;1921&gt;.</subfield></datafield><datafield ind1=" " ind2=" " tag="588"><subfield code="a">Latest issue consulted: Vol. 9, no. 9 (Sept. 1, 1921).</subfield></datafield><datafield ind1=" " ind2="0" tag="651"><subfield code="a">Corvallis (Or.)</subfield><subfield code="v">Newspapers.</subfield></datafield><datafield ind1=" " ind2="7" tag="655"><subfield code="a">Newspapers.</subfield><subfield code="2">fast</subfield><subfield code="0">(OCoLC)fst01423814</subfield></datafield><datafield ind1=" " ind2="7" tag="651"><subfield code="a">Oregon</subfield><subfield code="z">Corvallis.</subfield><subfield code="2">fast</subfield><subfield code="0">(OCoLC)fst01205176</subfield></datafield><datafield ind1=" " ind2=" " tag="752"><subfield code="a">United States</subfield><subfield code="b">Oregon</subfield><subfield code="c">Benton</subfield><subfield code="d">Corvallis.</subfield></datafield><datafield ind1="1" ind2=" " tag="775"><subfield code="t">Daily gazette-times</subfield><subfield code="w">(DLC)  2004260241</subfield><subfield code="w">(OCoLC)55143362</subfield></datafield><datafield ind1="1" ind2=" " tag="775"><subfield code="t">Corvallis gazette-times</subfield><subfield code="w">(DLC)sn 83004714</subfield><subfield code="w">(OCoLC)10012551</subfield></datafield><datafield ind1="0" ind2="0" tag="780"><subfield code="t">Gazette-times (Corvallis, Or.)</subfield><subfield code="w">(DLC)sn 96088340</subfield><subfield code="w">(OCoLC)36710783</subfield></datafield><datafield ind1="0" ind2="0" tag="785"><subfield code="t">Corvallis gazette-times</subfield><subfield code="w">(DLC)sn 83004714</subfield><subfield code="w">(OCoLC)10012551</subfield></datafield></record>